<?xml version="1.0" encoding="UTF-8"?><collection xmlns="http://www.loc.gov/MARC21/slim"><record><leader>00473nam--2200157-i-4500</leader><controlfield tag="001">000017252</controlfield><controlfield tag="002">20161230</controlfield><controlfield tag="005">20161230201032</controlfield><controlfield tag="008">060222s1000------------r-----000-0-eng-d</controlfield><datafield ind1=" " ind2=" " tag="020"><subfield code="a">92-826-0</subfield></datafield><datafield ind1=" " ind2=" " tag="080"><subfield code="a">341.217(4):351.777.6</subfield></datafield><datafield ind1=" " ind2=" " tag="100"><subfield code="a">G. Premazzi /S.A.</subfield></datafield><datafield ind1=" " ind2=" " tag="245"><subfield code="a">Scientific assessment of ec standards for drin king water quality</subfield></datafield><datafield ind1=" " ind2=" " tag="260"><subfield code="a">Luxembourg: Office For Official Publications Of The European Communities, 1989</subfield></datafield><datafield ind1=" " ind2=" " tag="490"><subfield code="a">Eur 12427 En</subfield></datafield><datafield ind1=" " ind2=" " tag="852"><subfield code="a">80194</subfield></datafield></record></collection>